@ARTICLE{AntonovErmakov_RandsmCubaturesQMC, 
 author = {Antonov, A.A. and Ermakov, S.M.}, 
 title = {Random cubatures and quasi-Monte Carlo methods}, 
 journal = {Monte Carlo Methods and Applications}, 
 pages = {179--187}, 
 volume = {21}, 
 number = {3}, 
 year = {2015}, 
 language = {engltsh}, 
 doi = {10.1515/mcrm-2015-0102}
 }